<?xml version="1.0" encoding="UTF-8" standalone="yes"?><bib><mms_id>9941276133804341</mms_id><record_format>marc21</record_format><linked_record_id/><title>Lives of the British admirals: containing a new and accurate naval history, from the earliest periods. By Dr. J. Campbell. With a continuation down to ... 1779, ... Written under the inspection of Doctor Berkenhout. ... In four volumes.</title><author>Campbell, John,</author><complete_edition>A new edition.</complete_edition><network_numbers><network_number>(StEdNL)4127613-nlsdb-Voyager</network_number><network_number>(CStRLIN)ESTCT90053</network_number></network_numbers><place_of_publication>London :</place_of_publication><date_of_publication>1781.</date_of_publication><publisher_const>printed for Alexander Donaldson,</publisher_const><holdings link="https://api-eu.hosted.exlibrisgroup.com/almaws/v1/bibs/9941276133804341/holdings"/><created_by>import</created_by><created_date>2018-10-11Z</created_date><last_modified_by>System</last_modified_by><last_modified_date>2019-08-19Z</last_modified_date><suppress_from_publishing>false</suppress_from_publishing><suppress_from_external_search>false</suppress_from_external_search><suppress_from_metadoor>false</suppress_from_metadoor><rank>50</rank><sync_with_oclc>NONE</sync_with_oclc><sync_with_libraries_australia>NONE</sync_with_libraries_australia><originating_system>ILS</originating_system><originating_system_id>4127613-nlsdb</originating_system_id><brief_level desc="10">10</brief_level><record><leader>01489cam a2200289   4500</leader><controlfield tag="001">9941276133804341</controlfield><controlfield tag="005">20190819214422.0</controlfield><controlfield tag="008">791208s1781    enk||||       00||||eng d</controlfield><datafield ind1=" " ind2=" " tag="035"><subfield code="a">(CStRLIN)ESTCT90053</subfield></datafield><datafield ind1=" " ind2=" " tag="035"><subfield code="a">(StEdNL)4127613-nlsdb-Voyager</subfield></datafield><datafield ind1=" " ind2=" " tag="040"><subfield code="a">Uk-ES</subfield><subfield code="c">Uk-ES</subfield><subfield code="d">CStRLIN</subfield></datafield><datafield ind1="1" ind2=" " tag="100"><subfield code="a">Campbell, John,</subfield><subfield code="d">1708-1775.</subfield></datafield><datafield ind1="1" ind2="0" tag="245"><subfield code="a">Lives of the British admirals: containing a new and accurate naval history, from the earliest periods. By Dr. J. Campbell. With a continuation down to ... 1779, ... Written under the inspection of Doctor Berkenhout. ... In four volumes.</subfield></datafield><datafield ind1="3" ind2=" " tag="246"><subfield code="a">Lives of the admirals</subfield></datafield><datafield ind1=" " ind2=" " tag="250"><subfield code="a">A new edition.</subfield></datafield><datafield ind1=" " ind2=" " tag="260"><subfield code="a">London :</subfield><subfield code="b">printed for Alexander Donaldson,</subfield><subfield code="c">1781.</subfield></datafield><datafield ind1=" " ind2=" " tag="300"><subfield code="a">4v.,plates :</subfield><subfield code="b">maps ;8vo.</subfield></datafield><datafield ind1=" " ind2=" " tag="506"><subfield code="c">Remote access requires login</subfield><subfield code="5">StEdNL</subfield></datafield><datafield ind1=" " ind2=" " tag="506"><subfield code="c">Remote access requires login</subfield><subfield code="5">StEdNL</subfield></datafield><datafield ind1="4" ind2=" " tag="510"><subfield code="a">ESTC</subfield><subfield code="c">T090053</subfield></datafield><datafield ind1=" " ind2=" " tag="533"><subfield code="a">Microfilm.</subfield><subfield code="b">Woodbridge, CT</subfield><subfield code="c">Research Publications, Inc.,</subfield><subfield code="d">1997.</subfield><subfield code="e">1 reel ; 35mm.</subfield><subfield code="f">(The Eighteenth Century ; reel 98</subfield></datafield><datafield ind1="8" ind2=" " tag="533"><subfield code="b">00Mf</subfield><subfield code="h">Mf.134, reel 9851, no. 01.</subfield></datafield><datafield ind1="8" ind2=" " tag="852"><subfield code="b">00Mf</subfield><subfield code="h">Mf.134, reel 9850, no. 01.</subfield></datafield><datafield ind1=" " ind2=" " tag="853"><subfield code="a">Microfilm.</subfield><subfield code="b">Woodbridge, CT</subfield><subfield code="c">Research Publications, Inc.,</subfield><subfield code="d">1997.</subfield><subfield code="e">1 reel ; 35mm.</subfield><subfield code="f">(The Eighteenth Century ; reel 9850, no. 01). </subfield></datafield><datafield ind1="4" ind2="1" tag="856"><subfield code="u">http://galenet.galegroup.com/servlet/ECCO?c=1&amp;locID=nlibscot&amp;stp=Author&amp;ste=11&amp;af=BN&amp;ae=T090053&amp;tiPG=1&amp;dd=0&amp;dc=flc&amp;docNum=CW103259278&amp;vrsn=1.0&amp;srchtp=a&amp;d4=0.33&amp;n=10&amp;SU=0LRH</subfield><subfield code="y">View digital copy</subfield></datafield><datafield ind1=" " ind2=" " tag="991"><subfield code="g">ECCO</subfield></datafield><datafield ind1=" " ind2=" " tag="991"><subfield code="g">ESTC</subfield></datafield></record></bib>